@article{Flebus1941,
	title={Air Raid Shelters},
	author={C. G. Flebus},
	year={1941},
	journal={The Military Engineer},
	volume={33},
	pages={37-42},
	url={https://www-jstor-org.dclibrary.idm.oclc.org/stable/44555538?seq=1}
}

@article{Mathew2012,
	title={Genetic Algorithm},
	author={Tom Mathew},
	year={2012},
	journal={},
	volume={},
	url={https://datajobstest.com/data-science-repo/Genetic-Algorithm-Guide-[Tom-Mathew].pdf}
}

@article{Shakibamaesh2015,
	title={Public shelters: Towards secure urban planning and designing in terms of passive defense},
	author={Amir Shakibamaesh},
	year={2015},
	journal={GEOGRAFIA Online},
	volume={11},
	issue={3},
	pages={01-Sep},
	url={https://journalarticle.ukm.my/9219/1/1x.geografia-mac15-amir-bi-edam.pdf}
}

@article{Hossain2018,
	title={The 1970 Bhola cyclone, nationalist politics and the subsistence crisis contract in Bangladesh},
	author={Hossain, N.},
	year={2018},
	journal={Disasters},
	volume={42},
	issue={1},
	pages={187-203},
	url={https://doi.org/10.1111/disa.12235}
}

@article{Yahyaei2019,
	title={Robust reliable humanitarian relief network design: an integration of shelter and supply facility location},
	author={Mohsen Yahyaei and Ali Bozorgi-Amiri},
	year={2019},
	journal={Annals of Operations Research},
	volume={283},
	pages={897-916},
	url={https://doi.org/10.1007/s10479-018-2758-6}
}

@article{GMA2019,
	title={Flood remains gutter-deep along MacArthur Highway in Marilao, Bulacan},
	author={GMA News},
	year={2019},
	journal={},
	volume={},
	url={https://www.gmanetwork.com/news/topstories/regions/699428/flood-remains-gutter-deep-along-mcarthur-highway-in-marilao-bulacan/story/}
}

@article{Kim2019,
	title={Software review: DEAP (Distributed Evolutionary Algorithm in Python) library},
	author={Jinham Kim and Shin Yoo},
	year={2019},
	journal={Genetic Programming and Evolvable Machines},
	volume={20},
	pages={139-142},
	url={https://doi.org/10.1007/s10710-018-9341-4}
}

@article{Cavdur2019,
	title={A decision support tool for allocating temporary-disaster-response facilities},
	author={Fatih Cavdur and Asli Sebatli},
	year={2019},
	journal={Decision Support Systems},
	volume={127},
	url={https://doi.org/10.1016/j.dss.2019.113145}
}

@article{Iuchi2019,
	title={Natural Hazards Governance in the Philippines},
	author={Kanako Iuchi and Yasuhito Jibiki and Renato Solidum and Ramon Santiago},
	year={2019},
	journal={},
	volume={},
	url={http://dx.doi.org/10.1093/acrefore/9780199389407.013.233}
}

@article{Sabouhi2019,
	title={An integrated routing and scheduling model for evacuation and commodity distribution in large-scale disaster relief operations: a case study},
	author={Fatemeh Sabouhi and Ali Bozorgi-Amiri and Mohammad Moshref-Javadi and Mehdi Heydari},
	year={2019},
	journal={Annals of Operations Research},
	volume={283},
	pages={643-677},
	url={https://link.springer.com/article/10.1007/s10479-018-2807-1}
}

@article{Saini2018,
	title={Automatic Scientific Document Clustering Using Self-organized Multi-objective Differential Evolution},
	author={Naveen Saini and Sriparna Saha and Pushpak Bhattacharyya},
	year={2018},
	journal={Cognitive Computation},
	volume={11},
	pages={271-293},
	url={https://link.springer.com/article/10.1007/s12559-018-9611-8}
}

@article{Eyal2020,
	title={Hands-On Genetic Algorithms with Python: Applying genetic algorithms to solve real-world deep learning and artificial intelligence problems},
	author={Eyal Wirsansky},
	year={2020},
	journal={},
	volume={},
	pages={346},
	url={https://books.google.com.ph/books?hl=en&lr=&id=A0vODwAAQBAJ&oi=fnd&pg=PP1&dq=Python+programming+language+as+an+efficient+language+for+genetic+algorithm&ots=FGEJG99oB5&sig=sGwtWbd0S7KEQNki1uSQBtsPSHc&redir_esc=y#v=onepage&q&f=false}
}

@article{Edgar2020,
	title={Semantic Based Distance Approaches in Multi-Objective Genetic Programming},
	author={Edgar Galvan and Fergai Stapleton},
	year={2020},
	journal={2020 IEEE Symposium Series on Computational Intelligence},
	volume={},
	pages={149-156},
	url={doi.org/10.1109/SSCI47803.2020.9308386}
}

@article{Fatih2020,
	title={A spreadsheet-based decision support tool for temporary-disaster-response facilities allocation},
	author={Fatih Cavdur and Asli Sebatli-Saglam and Merve Kose-Kucuk},
	year={2020},
	journal={Safety Science},
	volume={124},
	url={https://www.sciencedirect.com/science/article/abs/pii/S0925753519321927}
}

@article{Donghai2020,
	title={A Dynamic Shelter Location and Victim Resettlement Model Considering Equitable Waiting Costs},
	author={Donghai Wang and Menghao Xi and Yingzhen Chen},
	year={2020},
	journal={Int. J. Environ. Res. Public Health},
	volume={17},
	issue={2},
	url={https://www.mdpi.com/1660-4601/17/2/471}
}

@article{Shaoqing2020,
	title={Multi-Criteria Location Model of Emergency Shelters in Humanitarian Logistics},
	author={Shaoqing Geng and Hanping Hou and Shaoguang Zhang},
	year={2020},
	journal={Sustainability},
	volume={12},
	issue={5},
	url={https://www.mdpi.com/2071-1050/12/5/1759}
}

@article{Reza2020,
	title={Inventory routing and dynamic redistribution of relief goods in post-disaster operations},
	author={Reza Sakiani and Abbas Seifi and Reza Ramazani Khorshiddoust},
	year={2020},
	journal={Computers \& Industrial Engineering},
	volume={140},
	url={https://www.sciencedirect.com/science/article/abs/pii/S0360835219306886}
}

@article{Ghazaleh2022,
	title={A decision support model for robust allocation and routing of search and rescue resources after earthquake: a case study},
	author={Ghazaleh Ahmadi and Reza Tavakkoli-Moghaddam and Armand Baboli and Mehdi Najafi},
	year={2022},
	journal={Operational Research},
	volume={22},
	pages={1039-1081},
	url={https://www.sciencedirect.com/science/article/abs/pii/S0360835219306886}
}

@article{Ahmed2020,
	title={An approach for optimizing multi-objective problems using hybrid genetic algorithms},
	author={Ahmed Maghawry and Rania Hodhod and Yasser Omar and Mohamed Kholief},
	year={2020},
	journal={Soft Computing},
	volume={25},
	pages={389-405},
	url={https://doi.org/10.1007/s00500-020-05149-3}
}

@article{Carmela2021,
	title={Heavy rainfall submerge 35 Bulacan villages in floodwater},
	author={Carmela Reyes-Estrope},
	year={2021},
	journal={},
	volume={},
	url={}
}

@article{Shaoqing2021,
	title={A Hybrid Approach of VIKOR and Bi-Objective Decision Model for Emergency Shelter Locationâ€“Allocation to Respond to Earthquakes},
	author={Shaoqing Geng and Hanping Hou and Zhou Zhou},
	year={2021},
	journal={Mathematics},
	volume={9},
	url={https://doi.org/10.3390/math9161897}
}

@article{Bo2021,
	title={The optimization of warehouse location and resources distribution for emergency rescue under uncertainty},
	author={Bo Chen Wang and Qi Yuan Qian and Jia Jing Gao and Zhe Yi Tan and Yi Zhou},
	year={2021},
	journal={Advanced Engineering Informatics},
	volume={48},
	url={https://doi.org/10.1016/j.aei.2021.101278}
}

@article{Hasti2021,
	title={An integrative location-allocation model for humanitarian logistics with distributive injustice and dissatisfaction under uncertainty},
	author={Hasti Seraji and Reza Tavakkoli-Moghaddam and Sobhan Asian and Harpreet Kaur},
	year={2021},
	journal={Annals of Operations Research},
	volume={319},
	pages={211-257},
	url={https://doi.org/10.1007/s10479-021-04003-5}
}

@article{Panchalee2021,
	title={A multi-objective optimization model for shelter location-allocation in response to humanitarian relief logistics},
	author={Panchalee Praneetpholkrang and Van Nam Huynh and Sarunya Kanjanawattana},
	year={2021},
	journal={The Asian Journal of Shipping and Logistics},
	volume={37},
	pages={149-156},
	url={https://doi.org/10.1016/j.ajsl.2021.01.003}
}

@article{Jian2021,
	title={Optimizing underground shelter location and mass pedestrian evacuation in urban community areas: A case study of Shanghai},
	author={Jian Gang Jin and Yifan Shen and Hao Hu and Yiqun Fan and Mingjian Yu},
	year={2021},
	journal={Transportation Research Part A: Policy and Practice},
	volume={149},
	pages={124-138},
	url={https://doi.org/10.1016/j.tra.2021.04.009}
}

@article{Aitichya2021,
	title={A multi-objective genetic algorithm approach to design optimal zoning systems for freight transportation planning},
	author={Aitichya Chandra and M.N. Sharath and Agnivesh Pani and Prasanta K. Sahu},
	year={2021},
	journal={Journal of Transport Geography},
	volume={92},
	pages={103037},
	url={https://doi.org/10.1016/j.jtrangeo.2021.103037}
}

@article{Praneetpholkrang2021,
	title={A Novel Approach for Determining Shelter Location-Allocation in Humanitarian Relief Logistics},
	author={Praneetpholkrang and Panchalee and Kanjanawattana and Sarunya},
	year={2021},
	journal={International Journal of Knowledge and Systems Science},
	volume={12},
	pages={52-68},
	url={10.4018/IJKSS.2021040104}
}

@article{Ricard2021,
	title={Optimized evacuation plan and decision support system development with agent-based modelling and GIS analysis for tsunami events in Pandeglang, Banten, Indonesia},
	author={Ricard Diago Sambuaga and Han Soo Lee},
	year={2021},
	journal={Journal of Coastal Research},
	volume={},
	pages={509-513},
	url={https://doi.org/10.2112/JCR-SI114-103.1}
}

@article{Mumtaz2021,
	title={A dynamic multi-objective location-allocation model for search and rescue assets},
	author={Mumtaz Karatas},
	year={2021},
	journal={European Journal of Operational Research},
	volume={288},
	pages={620-633},
	url={https://doi.org/10.1016/j.ejor.2020.06.003}
}

@article{Lei2022,
	title={Optimization of Urban Shelter Locations Using Bi-Level Multi-Objective Location-Allocation Model},
	author={Lei He and Ziang Xie},
	year={2022},
	journal={International Journal of Environmental Research and Public Health},
	volume={19},
	url={https://doi.org/10.3390/ijerph19074401}
}

@article{Kurt2021,
	title={Optimal selection of COVID-19 vaccination sites in the Philippines at the municipal level},
	author={Kurt Izak M. Cabanilla and Erika Antonette T. Enriquez and Renier Mendoza and Victoria May P. Mendoza},
	year={2021},
	journal={},
	volume={},
	url={https://doi.org/10.1101/2021.06.20.21259194}
}

@article{Jacque2022,
	title={Hagonoy, Bulacan residents ask government to address flooding problem},
	author={Jacque Manabat},
	year={2022},
	journal={},
	volume={},
	url={https://news.abs-cbn.com/news/08/23/22/hagonoy-residents-ask-govt-to-address-flooding-problem}
}

@article{TuÄŸÃ§e2022,
	title={A Decision Support Tool Proposal for Public Emergency Scenarios},
	author={TuÄŸÃ§e GÃ¶kÃ§en and Belinda Torus},
	year={2022},
	journal={Journal of Computational Design},
	volume={3},
	pages={197-218},
	url={https://doi.org/10.53710/jcode.1144777}
}

@article{Vladislav2022,
	title={Parallel Genetic Algorithmsâ€™ Implementation Using a Scalable Concurrent Operation in Python},
	author={Vladislav Skorpil and Vaclav Oujezsky},
	year={2022},
	journal={Sensors},
	volume={22},
	url={https://doi.org/10.3390/s22062389}
}


@article{Yiying2022,
	title={A Multi-objective Location Decision Making Model for Emergency Shelters Giving Priority to Subjective Evaluation of Residents},
	author={Yiying Wang and Zeshui Xu},
	year={2022},
	journal={INTERNATIONAL JOURNAL OF COMPUTERS COMMUNICATIONS \& CONTROL},
	volume={17},
	url={https://doi.org/10.15837/ijccc.2022.4.4749}
}

@article{Sara2022,
	title={A Multi-Attribute Decision Support System for Allocation of Humanitarian Cluster Resources Based on Decision Makersâ€™ Perspective},
	author={Sara Rye and Emel Aktas},
	year={2022},
	journal={Sustainability},
	volume={14},
	issue={20},
	url={https://doi.org/10.3390/su142013423}
}

@article{Amir2023,
	title={Optimizing Emergency Shelter Selection in Earthquakes Using a Risk-Driven Large Group Decision-Making Support System},
	author={Amir Reza Bakhshi Lomer and Mahdi Rezaeian and Hamid Rezaei and Akbar Lorestani and Naeim Mijani and Mohammadreza Mahdad and Ahmad Raeisi and Jamal Jokar Arsanjani},
	year={2023},
	journal={Sustainability},
	volume={15},
	issue={5},
	url={https://doi.org/10.3390/su15054019}
}

@article{Yin2023,
	title={Emergency shelter allocation planning technology for large-scale evacuation based on quantum genetic algorithm},
	author={Yang Yin and Xiangcheng Zhao and Wei Lv},
	year={2023},
	journal={Front. Public Health},
	volume={10},
	url={https://doi.org/10.3389/fpubh.2022.1098675}
}

@article{Iya2023,
	title={Hope never sinks in flooded Bulacan},
	author={Iya Gozum},
	year={2023},
	journal={Rappler},
	volume={},
	url={https://www.rappler.com/philippines/luzon/hope-never-sinks-in-flooded-bulacan/}
}

@article{Elif2023,
	title={Location and replenishment problems of disaster stations for humanitarian relief logistics along with an application},
	author={Elif Yoruk and Adil Baykasoglu and Mualla Gonca Avci},
	year={2023},
	journal={Nat Hazards},
	volume={119},
	pages={1713-1734},
	url={https://link.springer.com/article/10.1007/s11069-023-06175-8}
}

@article{Maria2023,
	title={Emergency shelter materials under a complex non-linear diophantine fuzzy decision support system},
	author={Maria Shams and Alaa O. Almagrabi and Saleem Abdullah},
	year={2023},
	journal={Complex \& Intelligent Systems},
	volume={9},
	pages={7227-7248},
	url={https://doi.org/10.1007/s40747-023-01122-3}
}

@article{Kuo2024,
	title={Shelter locationâ€“allocation problem for disaster evacuation planning: A simulation optimization approach},
	author={Kuo Hao Chang and Yow Jen Pan and Hongey Chen},
	year={2024},
	journal={Computers \& Operations Research},
	volume={171},
	url={https://doi.org/10.1016/j.cor.2024.106784}
}

@article{Nicolas2024,
	title={A multicriteria decision model to improve emergency preparedness: Locating-allocating urban shelters against floods},
	author={Nicolas Lennick Bomfim de Albuquerque and Lucas Borges Leal da Silva and Marcelo Hazin Alencar and Adiel Teixeira de Almeida.},
	year={2024},
	journal={International Journal of Disaster Risk Reduction},
	volume={111},
	url={https://doi.org/10.1016/j.ijdrr.2024.104695}
}

@article{Anak2023,
	title={Scenario-based multi-objective location-routing model for pre-disaster planning: A philippine case study},
	author={Maria Rossana D. de Veluz and Anak Agung Ngurah Perwira Redi and Renato R. Maaliw III and Satria Fadil Persada and Yogi Tri Prasetyo and Michael Nayat Young},
	year={2023},
	journal={Sustainability},
	volume={15},
	issue={6},
	url={https://doi.org/10.3390/su15064882}
}

@article{Xiujuan2019,
	title={A hierarchical mathematical model of the earthquake shelter location-allocation problem solved using an interleaved MPSOâ€“GA},
	author={Xiujuan Zhao and Graham Coates and Wei Xu},
	year={2019},
	journal={Geomatics, Natural Hazards and Risk},
	volume={10},
	issue={1},
	pages={1712-1737},
	url={https://doi.org/10.1080/19475705.2019.1609605}
}

@article{Yunjia2019,
	title={Site selection models in natural disaster shelters: a review.},
	author={Yunjia Ma and Wei Xu and Lianjie Qin and Xiujuan Zhao},
	year={2019},
	journal={Sustainability},
	volume={11},
	issue={2},
	url={https://doi.org/10.3390/su11020399}
}

@article{UnknownAuthor,
	title={ongoing research},
	author={},
	year={},
	journal={},
	volume={},
	url={}
}

@article{Yunjia2020,
	title={Typhoon track changeâ€“based emergency shelter locationâ€“allocation model: a case study of Wenchang in Hainan province, China},
	author={Yunjia Ma and Wei Xu and Lianjie Qin and Xiujuan Zhao},
	year={2020},
	journal={Injury Prevention},
	volume={26},
	issue={3},
	url={https://doi.org/10.1136/injuryprev-2018-043081}
}

@article{Peiman2019,
	title={Uncertain multi-objective multi-commodity multi-period multi-vehicle location-allocation model for earthquake evacuation planning},
	author={Peiman Ghasemi and Kaveh Khalili-Damghani and Ashkan Hafezalkotob and Sadigh Raissi},
	year={2019},
	journal={Applied Mathematics and Computation},
	volume={350},
	pages={105-132},
	url={https://doi.org/10.1016/j.amc.2018.12.061}
}

@article{Elita2022,
	title={Location-Allocation Model for Victims and Health Workers during Post Earthquake-Tsunami Health Crisis in Padang City},
	author={Elita Amrina and Reinny Patrisina and Irma Alfie Yassin},
	year={2022},
	journal={Evergreen},
	volume={9},
	issue={1},
	pages={234-245},
	url={https://catalog.lib.kyushu-u.ac.jp/opac_detail_md/?lang=0&amode=MD100000&bibid=4774244}
}

@article{Ma2019,
	title={Flood evacuation decision modeling for high risk urban area in the Philippines},
	author={Ma Bernadeth B. Lim and Hector R. Lim Jr. and Mongkut Piantanakulchai},
	year={2019},
	journal={Asia Pacific Management Review},
	volume={24},
	issue={2},
	pages={106-113},
	url={https://doi.org/10.1016/j.apmrv.2019.01.001}
}

@article{Ma.2015,
	title={A household-level flood evacuation decision model in Quezon City, Philippines},
	author={Ma. Bernadeth B. Lim and Hector R. Lim Jr. and Mongkut Piantanakulchai and Francis Aldrine Uy},
	year={2015},
	journal={Natural Hazards},
	volume={80},
	pages={1539-1561},
	url={https://doi.org/10.1007/s11069-015-2038-6}
}

@article{Alexandra2021,
	title={A method for determining the suitability of schools as evacuation shelters and aid distribution hubs following disasters: case study from Cagayan de Oro, Philippines},
	author={Alexandra Tsioulou and Joanna Faure Walker and Dexter Sumaylo Lo and Rebekah Yore},
	year={2021},
	journal={Natural Hazards},
	volume={105},
	pages={1835-1859},
	url={https://doi.org/10.1007/s11069-020-04380-3}
}

@article{Dennis2021,
	title={Optimal Fit Non-linear Function for Allocating Emergency Goods during Initial Stage of Disaster Relief in Malolos City},
	author={Dennis R. dela Cruz},
	year={2021},
	journal={IECEP},
	volume={4},
	issue={1},
	url={https://iecepjournal.net/index.php/iecepjournal/article/view/8/10}
}

@article{Jayathilaka2020,
	title={Agile Methodology},
	author={Chathmini Jayathilaka},
	year={2020},
	journal={},
	volume={},
	url={https://medium.com/@chathmini96/agile-methodology-30ec4cdf3fc}
}