@book{BooktagYear,
	title = {Title of the Book},
	author = {Name MI. BookAuthor},
	year = {year},
	publisher = {Name of the Publisher},
}

@article{JournaltagYear,
	title = {Title of an Article},
	author = {Name MI. ArticleAuthor},
	year = {year},
	journaltitle = {Name of the Journal},
	volume = {vol},
	series = {series},
	number = {num},
	pages = {p1-p2}
}

@inbook{InbookTagYear, 
	title={Title of the Part/Chapter/Article Being Cited}, 
	author={Name InbookAuthor}, 
	booktitle={Title of the Book Where the Part/Chapter/Article is found}, 
	editor={Name M. InbookEditor}, 
	publisher={Cambridge University Press}, 
	place={Place of Publication}, 
	year={year}, 
	pages={p1â€“p2}, 
	collection={British School at Rome Studies},
	series={British School at Rome Studies}, 
}

@online{WebsiteTag,
	title = {Title of the Article in a Website},
	publisher = {Domain Name of the Website},
	author = {Name MI. OnlineAuthor},
	date = {2020},
	url = {https://www.complete.website.link},
	urldate = {2024-09-06},
}

@InProceedings{ProceedingsTag,
	title="Title of the Article in the Prceeding",
	author="ProcAuthor1, Name and ProcAuthor2, Name",
	editor="ProcEditor 1, Name1 and ProcEditor2, Name2 and ProcEditor3, Name3",
	booktitle="Title of the Book Containing the Proceedings",
	year="year",
	publisher="Name of the Publisher",
	address="Location of Publisher",
	pages="p1--p2",
}

@thesis{ThesisTag,
	author = {Name ThesisAuthor},
	title = {Title of the Thesis},
	type = {Undergraduate/Masteral Thesis or Dissertation},
	school = {Name of the College or Unviersity},
	year = {year},
	address = {Location/Country/Province of the Unviersity},
	url = {https://www.complete.website.link.if.available},
}

